@article {BDM,
    AUTHOR = {Bowman, C. and Doty, S. R. and Martin, S.},
     TITLE = {Decomposition of tensor products of modular irreducible
              representations for {${\rm SL}_3$}},
      NOTE = {With an appendix by C. M. Ringel},
   JOURNAL = {Int. Electron. J. Algebra},
  FJOURNAL = {International Electronic Journal of Algebra},
    VOLUME = {9},
      YEAR = {2011},
     PAGES = {177--219},
   MRCLASS = {20G05 (20G15)},
  MRNUMBER = {2753767},
MRREVIEWER = {Ben Ford},
}



@article {CPS,
    AUTHOR = {Cline, Edward and Parshall, Brian and Scott, Leonard},
     TITLE = {Cohomology of finite groups of {L}ie type. {I}},
   JOURNAL = {Inst. Hautes \'{E}tudes Sci. Publ. Math.},
  FJOURNAL = {Institut des Hautes \'{E}tudes Scientifiques. Publications
              Math\'{e}matiques},
    NUMBER = {45},
      YEAR = {1975},
     PAGES = {169--191},
      ISSN = {0073-8301},
   MRCLASS = {20G10},
  MRNUMBER = {399283},
MRREVIEWER = {S. I. Gel\cprime fand},
       URL = {http://www.numdam.org/item?id=PMIHES_1975__45__169_0},
}




@article {Irving,
    AUTHOR = {Irving, Ronald S.},
     TITLE = {The structure of certain highest weight modules for {${\rm
              SL}_3$}},
   JOURNAL = {J. Algebra},
  FJOURNAL = {Journal of Algebra},
    VOLUME = {99},
      YEAR = {1986},
    NUMBER = {2},
     PAGES = {438--457},
      ISSN = {0021-8693},
   MRCLASS = {17B10 (20G05)},
  MRNUMBER = {837554},
MRREVIEWER = {Gordon E. Brown},
       DOI = {10.1016/0021-8693(86)90037-2},
       URL = {https://doi.org/10.1016/0021-8693(86)90037-2},
}

@book {James,
    AUTHOR = {James, G. D.},
     TITLE = {The representation theory of the symmetric groups},
    SERIES = {Lecture Notes in Mathematics},
    VOLUME = {682},
 PUBLISHER = {Springer, Berlin},
      YEAR = {1978},
     PAGES = {v+156},
      ISBN = {3-540-08948-9},
   MRCLASS = {20C30 (20-02)},
  MRNUMBER = {513828},
MRREVIEWER = {Dragomir \v{Z}. \Dbar okovi\'{c}},
}


@book {Green,
    AUTHOR = {Green, J. A.},
     TITLE = {Polynomial representations of {${\rm GL}_{n}$}},
    SERIES = {Lecture Notes in Mathematics},
    VOLUME = {830},
   EDITION = {augmented},
      NOTE = {With an appendix on Schensted correspondence and Littelmann
              paths by K. Erdmann, Green and M. Schocker},
 PUBLISHER = {Springer, Berlin},
      YEAR = {2007},
     PAGES = {x+161},
      ISBN = {978-3-540-46944-5; 3-540-46944-3},
   MRCLASS = {20G05 (05E15)},
  MRNUMBER = {2349209},
MRREVIEWER = {David Hemmer},
}

@book {Jantzen,
    AUTHOR = {Jantzen, Jens Carsten},
     TITLE = {Representations of algebraic groups},
    SERIES = {Mathematical Surveys and Monographs},
    VOLUME = {107},
   EDITION = {Second},
 PUBLISHER = {American Mathematical Society, Providence, RI},
      YEAR = {2003},
     PAGES = {xiv+576},
      ISBN = {0-8218-3527-0},
   MRCLASS = {20G05 (17B10)},
  MRNUMBER = {2015057},
}

@article {Xi,
    AUTHOR = {Xi, Nanhua},
     TITLE = {Maximal and primitive elements in {W}eyl modules for type
              {$A_2$}},
   JOURNAL = {J. Algebra},
  FJOURNAL = {Journal of Algebra},
    VOLUME = {215},
      YEAR = {1999},
    NUMBER = {2},
     PAGES = {735--756},
      ISSN = {0021-8693},
   MRCLASS = {17B37 (17B10)},
  MRNUMBER = {1686213},
       DOI = {10.1006/jabr.1998.7766},
       URL = {https://doi.org/10.1006/jabr.1998.7766},
}

